{
  "trades": [
    {
      "side": "SELL",
      "size": "200",
      "price": "8.392",
      "createdAt": "2022-08-10T07:55:53.718Z",
      "liquidation": false
    },
    {
      "side": "SELL",
      "size": "257.1",
      "price": "8.408",
      "createdAt": "2022-08-10T07:53:56.136Z",
      "liquidation": false
    },
    {
      "side": "SELL",
      "size": "122.5",
      "price": "8.408",
      "createdAt": "2022-08-10T07:52:51.282Z",
      "liquidation": false
    },
    {
      "side": "SELL",
      "size": "328.4",
      "price": "8.414",
      "createdAt": "2022-08-10T07:52:42.159Z",
      "liquidation": false
    },
    {
      "side": "SELL",
      "size": "151.4",
      "price": "8.414",
      "createdAt": "2022-08-10T07:52:41.878Z",
      "liquidation": false
    },
    {
      "side": "SELL",
      "size": "85.2",
      "price": "8.414",
      "createdAt": "2022-08-10T07:52:41.772Z",
      "liquidation": false
    },
    {
      "side": "SELL",
      "size": "85.3",
      "price": "8.414",
      "createdAt": "2022-08-10T07:52:41.728Z",
      "liquidation": false
    },
    {
      "side": "BUY",
      "size": "930.6",
      "price": "8.413",
      "createdAt": "2022-08-10T07:52:35.697Z",
      "liquidation": false
    },
    {
      "side": "BUY",
      "size": "69.4",
      "price": "8.413",
      "createdAt": "2022-08-10T07:52:35.631Z",
      "liquidation": false
    },
    {
      "side": "BUY",
      "size": "50",
      "price": "8.409",
      "createdAt": "2022-08-10T07:52:35.622Z",
      "liquidation": false
    },
    {
      "side": "BUY",
      "size": "247.8",
      "price": "8.409",
      "createdAt": "2022-08-10T07:52:35.618Z",
      "liquidation": false
    },
    {
      "side": "SELL",
      "size": "379.2",
      "price": "8.392",
      "createdAt": "2022-08-10T07:51:15.574Z",
      "liquidation": false
    },
    {
      "side": "SELL",
      "size": "81.4",
      "price": "8.393",
      "createdAt": "2022-08-10T07:51:12.888Z",
      "liquidation": false
    },
    {
      "side": "BUY",
      "size": "20.6",
      "price": "8.402",
      "createdAt": "2022-08-10T07:49:47.602Z",
      "liquidation": false
    },
    {
      "side": "BUY",
      "size": "29.4",
      "price": "8.402",
      "createdAt": "2022-08-10T07:49:47.602Z",
      "liquidation": false
    },
    {
      "side": "BUY",
      "size": "370",
      "price": "8.402",
      "createdAt": "2022-08-10T07:49:47.602Z",
      "liquidation": false
    },
    {
      "side": "BUY",
      "size": "79.2",
      "price": "8.399",
      "createdAt": "2022-08-10T07:45:40.212Z",
      "liquidation": false
    },
    {
      "side": "SELL",
      "size": "589",
      "price": "8.396",
      "createdAt": "2022-08-10T07:42:56.536Z",
      "liquidation": false
    },
    {
      "side": "SELL",
      "size": "572",
      "price": "8.395",
      "createdAt": "2022-08-10T07:41:55.490Z",
      "liquidation": false
    },
    {
      "side": "BUY",
      "size": "111",
      "price": "8.395",
      "createdAt": "2022-08-10T07:39:24.237Z",
      "liquidation": false
    },
    {
      "side": "SELL",
      "size": "133.3",
      "price": "8.406",
      "createdAt": "2022-08-10T07:36:12.293Z",
      "liquidation": false
    },
    {
      "side": "SELL",
      "size": "447.7",
      "price": "8.406",
      "createdAt": "2022-08-10T07:36:12.281Z",
      "liquidation": false
    },
    {
      "side": "BUY",
      "size": "1000",
      "price": "8.405",
      "createdAt": "2022-08-10T07:35:01.068Z",
      "liquidation": false
    },
    {
      "side": "BUY",
      "size": "236.6",
      "price": "8.404",
      "createdAt": "2022-08-10T07:35:00.975Z",
      "liquidation": false
    },
    {
      "side": "SELL",
      "size": "5.1",
      "price": "8.377",
      "createdAt": "2022-08-10T07:32:43.662Z",
      "liquidation": false
    },
    {
      "side": "SELL",
      "size": "152.3",
      "price": "8.381",
      "createdAt": "2022-08-10T07:32:39.272Z",
      "liquidation": false
    },
    {
      "side": "SELL",
      "size": "200",
      "price": "8.381",
      "createdAt": "2022-08-10T07:32:39.228Z",
      "liquidation": false
    },
    {
      "side": "SELL",
      "size": "232.7",
      "price": "8.381",
      "createdAt": "2022-08-10T07:32:39.179Z",
      "liquidation": false
    },
    {
      "side": "BUY",
      "size": "11.5",
      "price": "8.382",
      "createdAt": "2022-08-10T07:31:50.145Z",
      "liquidation": false
    },
    {
      "side": "SELL",
      "size": "367.3",
      "price": "8.382",
      "createdAt": "2022-08-10T07:28:52.633Z",
      "liquidation": false
    },
    {
      "side": "SELL",
      "size": "212.7",
      "price": "8.382",
      "createdAt": "2022-08-10T07:28:52.625Z",
      "liquidation": false
    },
    {
      "side": "BUY",
      "size": "2305",
      "price": "8.381",
      "createdAt": "2022-08-10T07:28:42.404Z",
      "liquidation": false
    },
    {
      "side": "BUY",
      "size": "576",
      "price": "8.379",
      "createdAt": "2022-08-10T07:28:42.339Z",
      "liquidation": false
    },
    {
      "side": "SELL",
      "size": "111.6",
      "price": "8.372",
      "createdAt": "2022-08-10T07:28:15.738Z",
      "liquidation": false
    },
    {
      "side": "SELL",
      "size": "469.4",
      "price": "8.372",
      "createdAt": "2022-08-10T07:28:15.728Z",
      "liquidation": false
    },
    {
      "side": "SELL",
      "size": "1000",
      "price": "8.372",
      "createdAt": "2022-08-10T07:28:15.725Z",
      "liquidation": false
    },
    {
      "side": "SELL",
      "size": "88.1",
      "price": "8.382",
      "createdAt": "2022-08-10T07:28:05.958Z",
      "liquidation": false
    },
    {
      "side": "SELL",
      "size": "125",
      "price": "8.373",
      "createdAt": "2022-08-10T07:27:03.968Z",
      "liquidation": false
    },
    {
      "side": "BUY",
      "size": "25",
      "price": "8.377",
      "createdAt": "2022-08-10T07:26:48.306Z",
      "liquidation": false
    },
    {
      "side": "BUY",
      "size": "125",
      "price": "8.377",
      "createdAt": "2022-08-10T07:26:48.306Z",
      "liquidation": false
    },
    {
      "side": "BUY",
      "size": "100",
      "price": "8.374",
      "createdAt": "2022-08-10T07:25:32.891Z",
      "liquidation": false
    },
    {
      "side": "SELL",
      "size": "372.8",
      "price": "8.39",
      "createdAt": "2022-08-10T07:16:07.111Z",
      "liquidation": false
    },
    {
      "side": "BUY",
      "size": "120",
      "price": "8.404",
      "createdAt": "2022-08-10T07:14:15.515Z",
      "liquidation": false
    },
    {
      "side": "BUY",
      "size": "406",
      "price": "8.386",
      "createdAt": "2022-08-10T07:12:31.778Z",
      "liquidation": false
    },
    {
      "side": "SELL",
      "size": "73.3",
      "price": "8.377",
      "createdAt": "2022-08-10T07:11:51.009Z",
      "liquidation": false
    },
    {
      "side": "BUY",
      "size": "1000",
      "price": "8.381",
      "createdAt": "2022-08-10T07:10:46.137Z",
      "liquidation": false
    },
    {
      "side": "BUY",
      "size": "381.7",
      "price": "8.372",
      "createdAt": "2022-08-10T07:09:16.156Z",
      "liquidation": false
    },
    {
      "side": "SELL",
      "size": "407.8",
      "price": "8.368",
      "createdAt": "2022-08-10T07:09:03.943Z",
      "liquidation": false
    },
    {
      "side": "BUY",
      "size": "443.2",
      "price": "8.382",
      "createdAt": "2022-08-10T07:07:35.388Z",
      "liquidation": false
    },
    {
      "side": "BUY",
      "size": "584",
      "price": "8.38",
      "createdAt": "2022-08-10T07:07:35.316Z",
      "liquidation": false
    },
    {
      "side": "SELL",
      "size": "582",
      "price": "8.385",
      "createdAt": "2022-08-10T07:07:02.096Z",
      "liquidation": false
    },
    {
      "side": "BUY",
      "size": "125",
      "price": "8.381",
      "createdAt": "2022-08-10T07:05:56.379Z",
      "liquidation": false
    },
    {
      "side": "SELL",
      "size": "577",
      "price": "8.361",
      "createdAt": "2022-08-10T07:05:02.508Z",
      "liquidation": false
    },
    {
      "side": "BUY",
      "size": "65.1",
      "price": "8.366",
      "createdAt": "2022-08-10T07:04:02.822Z",
      "liquidation": false
    },
    {
      "side": "BUY",
      "size": "5.1",
      "price": "8.351",
      "createdAt": "2022-08-10T07:00:08.052Z",
      "liquidation": false
    },
    {
      "side": "SELL",
      "size": "590",
      "price": "8.347",
      "createdAt": "2022-08-10T06:59:48.899Z",
      "liquidation": false
    },
    {
      "side": "SELL",
      "size": "405.2",
      "price": "8.364",
      "createdAt": "2022-08-10T06:56:19.909Z",
      "liquidation": false
    },
    {
      "side": "SELL",
      "size": "583",
      "price": "8.372",
      "createdAt": "2022-08-10T06:54:22.061Z",
      "liquidation": false
    },
    {
      "side": "BUY",
      "size": "415",
      "price": "8.37",
      "createdAt": "2022-08-10T06:54:19.320Z",
      "liquidation": false
    },
    {
      "side": "BUY",
      "size": "585",
      "price": "8.367",
      "createdAt": "2022-08-10T06:54:19.320Z",
      "liquidation": false
    },
    {
      "side": "BUY",
      "size": "585",
      "price": "8.37",
      "createdAt": "2022-08-10T06:54:19.317Z",
      "liquidation": false
    },
    {
      "side": "BUY",
      "size": "89.7",
      "price": "8.359",
      "createdAt": "2022-08-10T06:52:26.475Z",
      "liquidation": false
    },
    {
      "side": "BUY",
      "size": "424.5",
      "price": "8.375",
      "createdAt": "2022-08-10T06:48:33.058Z",
      "liquidation": false
    },
    {
      "side": "BUY",
      "size": "581",
      "price": "8.369",
      "createdAt": "2022-08-10T06:48:15.461Z",
      "liquidation": false
    },
    {
      "side": "BUY",
      "size": "73.9",
      "price": "8.367",
      "createdAt": "2022-08-10T06:48:03.705Z",
      "liquidation": false
    },
    {
      "side": "BUY",
      "size": "390",
      "price": "8.359",
      "createdAt": "2022-08-10T06:44:08.931Z",
      "liquidation": false
    },
    {
      "side": "BUY",
      "size": "200",
      "price": "8.359",
      "createdAt": "2022-08-10T06:44:08.920Z",
      "liquidation": false
    },
    {
      "side": "BUY",
      "size": "236.6",
      "price": "8.34",
      "createdAt": "2022-08-10T06:35:37.182Z",
      "liquidation": false
    },
    {
      "side": "SELL",
      "size": "87.5",
      "price": "8.326",
      "createdAt": "2022-08-10T06:35:23.901Z",
      "liquidation": false
    },
    {
      "side": "SELL",
      "size": "593",
      "price": "8.34",
      "createdAt": "2022-08-10T06:28:42.659Z",
      "liquidation": false
    },
    {
      "side": "BUY",
      "size": "200",
      "price": "8.336",
      "createdAt": "2022-08-10T06:22:18.827Z",
      "liquidation": false
    },
    {
      "side": "SELL",
      "size": "194.8",
      "price": "8.332",
      "createdAt": "2022-08-10T06:20:02.313Z",
      "liquidation": false
    },
    {
      "side": "SELL",
      "size": "200",
      "price": "8.332",
      "createdAt": "2022-08-10T06:20:02.254Z",
      "liquidation": false
    },
    {
      "side": "BUY",
      "size": "400.4",
      "price": "8.302",
      "createdAt": "2022-08-10T06:15:31.801Z",
      "liquidation": false
    },
    {
      "side": "BUY",
      "size": "582",
      "price": "8.348",
      "createdAt": "2022-08-10T06:10:58.495Z",
      "liquidation": false
    },
    {
      "side": "BUY",
      "size": "569",
      "price": "8.354",
      "createdAt": "2022-08-10T06:10:42.304Z",
      "liquidation": false
    },
    {
      "side": "BUY",
      "size": "125",
      "price": "8.351",
      "createdAt": "2022-08-10T06:10:02.178Z",
      "liquidation": false
    },
    {
      "side": "BUY",
      "size": "115.2",
      "price": "8.352",
      "createdAt": "2022-08-10T06:10:02.010Z",
      "liquidation": false
    },
    {
      "side": "BUY",
      "size": "573.8",
      "price": "8.351",
      "createdAt": "2022-08-10T06:10:01.961Z",
      "liquidation": false
    },
    {
      "side": "BUY",
      "size": "35.3",
      "price": "8.343",
      "createdAt": "2022-08-10T06:10:01.812Z",
      "liquidation": false
    },
    {
      "side": "BUY",
      "size": "70.6",
      "price": "8.343",
      "createdAt": "2022-08-10T06:10:01.791Z",
      "liquidation": false
    },
    {
      "side": "SELL",
      "size": "181.4",
      "price": "8.344",
      "createdAt": "2022-08-10T06:09:49.375Z",
      "liquidation": false
    },
    {
      "side": "SELL",
      "size": "200",
      "price": "8.344",
      "createdAt": "2022-08-10T06:09:49.375Z",
      "liquidation": false
    },
    {
      "side": "BUY",
      "size": "587",
      "price": "8.359",
      "createdAt": "2022-08-10T06:08:09.187Z",
      "liquidation": false
    },
    {
      "side": "BUY",
      "size": "14.9",
      "price": "8.362",
      "createdAt": "2022-08-10T06:05:54.985Z",
      "liquidation": false
    },
    {
      "side": "BUY",
      "size": "409.5",
      "price": "8.354",
      "createdAt": "2022-08-10T06:04:03.866Z",
      "liquidation": false
    },
    {
      "side": "SELL",
      "size": "567",
      "price": "8.351",
      "createdAt": "2022-08-10T06:03:55.236Z",
      "liquidation": false
    },
    {
      "side": "BUY",
      "size": "125",
      "price": "8.354",
      "createdAt": "2022-08-10T06:03:54.283Z",
      "liquidation": false
    },
    {
      "side": "SELL",
      "size": "125",
      "price": "8.377",
      "createdAt": "2022-08-10T06:00:52.597Z",
      "liquidation": false
    },
    {
      "side": "SELL",
      "size": "125",
      "price": "8.379",
      "createdAt": "2022-08-10T06:00:52.495Z",
      "liquidation": false
    },
    {
      "side": "SELL",
      "size": "381",
      "price": "8.392",
      "createdAt": "2022-08-10T05:52:56.569Z",
      "liquidation": false
    },
    {
      "side": "BUY",
      "size": "35.3",
      "price": "8.39",
      "createdAt": "2022-08-10T05:51:44.028Z",
      "liquidation": false
    },
    {
      "side": "BUY",
      "size": "382.9",
      "price": "8.39",
      "createdAt": "2022-08-10T05:51:44.028Z",
      "liquidation": false
    },
    {
      "side": "BUY",
      "size": "582",
      "price": "8.393",
      "createdAt": "2022-08-10T05:48:04.452Z",
      "liquidation": false
    },
    {
      "side": "SELL",
      "size": "28.1",
      "price": "8.382",
      "createdAt": "2022-08-10T05:46:12.528Z",
      "liquidation": false
    },
    {
      "side": "SELL",
      "size": "200",
      "price": "8.382",
      "createdAt": "2022-08-10T05:46:12.497Z",
      "liquidation": false
    },
    {
      "side": "SELL",
      "size": "232",
      "price": "8.385",
      "createdAt": "2022-08-10T05:46:12.385Z",
      "liquidation": false
    },
    {
      "side": "SELL",
      "size": "568",
      "price": "8.387",
      "createdAt": "2022-08-10T05:46:12.385Z",
      "liquidation": false
    },
    {
      "side": "SELL",
      "size": "251.6",
      "price": "8.403",
      "createdAt": "2022-08-10T05:40:16.702Z",
      "liquidation": false
    },
    {
      "side": "SELL",
      "size": "172.5",
      "price": "8.412",
      "createdAt": "2022-08-10T05:40:14.290Z",
      "liquidation": false
    }
  ]
}
