{
  "trades": [
    {
      "side": "SELL",
      "size": "13",
      "price": "8.386",
      "createdAt": "2022-08-10T10:22:20.220Z",
      "liquidation": false
    },
    {
      "side": "SELL",
      "size": "119.4",
      "price": "8.386",
      "createdAt": "2022-08-10T10:21:55.318Z",
      "liquidation": false
    },
    {
      "side": "BUY",
      "size": "119.4",
      "price": "8.378",
      "createdAt": "2022-08-10T10:20:09.680Z",
      "liquidation": false
    },
    {
      "side": "SELL",
      "size": "78.9",
      "price": "8.377",
      "createdAt": "2022-08-10T10:14:34.917Z",
      "liquidation": false
    },
    {
      "side": "BUY",
      "size": "306.7",
      "price": "8.374",
      "createdAt": "2022-08-10T10:07:10.742Z",
      "liquidation": false
    },
    {
      "side": "BUY",
      "size": "84.5",
      "price": "8.374",
      "createdAt": "2022-08-10T10:07:10.721Z",
      "liquidation": false
    },
    {
      "side": "SELL",
      "size": "200",
      "price": "8.377",
      "createdAt": "2022-08-10T10:06:44.474Z",
      "liquidation": false
    },
    {
      "side": "SELL",
      "size": "800",
      "price": "8.377",
      "createdAt": "2022-08-10T10:06:44.473Z",
      "liquidation": false
    },
    {
      "side": "SELL",
      "size": "400",
      "price": "8.377",
      "createdAt": "2022-08-10T10:06:44.472Z",
      "liquidation": false
    },
    {
      "side": "SELL",
      "size": "830.9",
      "price": "8.377",
      "createdAt": "2022-08-10T10:06:44.471Z",
      "liquidation": false
    },
    {
      "side": "SELL",
      "size": "15",
      "price": "8.377",
      "createdAt": "2022-08-10T10:06:44.471Z",
      "liquidation": false
    },
    {
      "side": "SELL",
      "size": "185",
      "price": "8.377",
      "createdAt": "2022-08-10T10:06:44.471Z",
      "liquidation": false
    },
    {
      "side": "SELL",
      "size": "400",
      "price": "8.377",
      "createdAt": "2022-08-10T10:06:44.462Z",
      "liquidation": false
    },
    {
      "side": "SELL",
      "size": "350.6",
      "price": "8.373",
      "createdAt": "2022-08-10T10:06:42.021Z",
      "liquidation": false
    },
    {
      "side": "SELL",
      "size": "408.4",
      "price": "8.374",
      "createdAt": "2022-08-10T10:06:42.021Z",
      "liquidation": false
    },
    {
      "side": "SELL",
      "size": "391",
      "price": "8.376",
      "createdAt": "2022-08-10T10:06:42.021Z",
      "liquidation": false
    },
    {
      "side": "SELL",
      "size": "350",
      "price": "8.379",
      "createdAt": "2022-08-10T10:06:42.021Z",
      "liquidation": false
    },
    {
      "side": "BUY",
      "size": "236.6",
      "price": "8.398",
      "createdAt": "2022-08-10T09:47:14.319Z",
      "liquidation": false
    },
    {
      "side": "SELL",
      "size": "582",
      "price": "8.417",
      "createdAt": "2022-08-10T09:24:24.230Z",
      "liquidation": false
    },
    {
      "side": "BUY",
      "size": "30.9",
      "price": "8.43",
      "createdAt": "2022-08-10T09:22:12.810Z",
      "liquidation": false
    },
    {
      "side": "BUY",
      "size": "350.1",
      "price": "8.43",
      "createdAt": "2022-08-10T09:22:12.774Z",
      "liquidation": false
    },
    {
      "side": "BUY",
      "size": "200",
      "price": "8.43",
      "createdAt": "2022-08-10T09:22:12.774Z",
      "liquidation": false
    },
    {
      "side": "SELL",
      "size": "236.6",
      "price": "8.433",
      "createdAt": "2022-08-10T09:15:09.383Z",
      "liquidation": false
    },
    {
      "side": "SELL",
      "size": "586",
      "price": "8.435",
      "createdAt": "2022-08-10T09:15:09.258Z",
      "liquidation": false
    },
    {
      "side": "SELL",
      "size": "83.1",
      "price": "8.441",
      "createdAt": "2022-08-10T09:14:17.173Z",
      "liquidation": false
    },
    {
      "side": "BUY",
      "size": "97",
      "price": "8.441",
      "createdAt": "2022-08-10T09:11:36.069Z",
      "liquidation": false
    },
    {
      "side": "BUY",
      "size": "125",
      "price": "8.441",
      "createdAt": "2022-08-10T09:11:36.069Z",
      "liquidation": false
    },
    {
      "side": "SELL",
      "size": "111.2",
      "price": "8.436",
      "createdAt": "2022-08-10T09:07:40.206Z",
      "liquidation": false
    },
    {
      "side": "SELL",
      "size": "125",
      "price": "8.437",
      "createdAt": "2022-08-10T09:07:40.206Z",
      "liquidation": false
    },
    {
      "side": "SELL",
      "size": "78.8",
      "price": "8.434",
      "createdAt": "2022-08-10T09:06:58.296Z",
      "liquidation": false
    },
    {
      "side": "SELL",
      "size": "105",
      "price": "8.453",
      "createdAt": "2022-08-10T09:05:55.104Z",
      "liquidation": false
    },
    {
      "side": "SELL",
      "size": "150",
      "price": "8.446",
      "createdAt": "2022-08-10T09:01:19.603Z",
      "liquidation": false
    },
    {
      "side": "BUY",
      "size": "383.7",
      "price": "8.458",
      "createdAt": "2022-08-10T09:00:05.168Z",
      "liquidation": false
    },
    {
      "side": "BUY",
      "size": "404.8",
      "price": "8.456",
      "createdAt": "2022-08-10T09:00:04.355Z",
      "liquidation": false
    },
    {
      "side": "BUY",
      "size": "100",
      "price": "8.462",
      "createdAt": "2022-08-10T08:56:05.000Z",
      "liquidation": false
    },
    {
      "side": "BUY",
      "size": "200",
      "price": "8.462",
      "createdAt": "2022-08-10T08:56:04.993Z",
      "liquidation": false
    },
    {
      "side": "BUY",
      "size": "79.4",
      "price": "8.462",
      "createdAt": "2022-08-10T08:56:04.148Z",
      "liquidation": false
    },
    {
      "side": "SELL",
      "size": "280.8",
      "price": "8.442",
      "createdAt": "2022-08-10T08:56:00.913Z",
      "liquidation": false
    },
    {
      "side": "SELL",
      "size": "1000",
      "price": "8.443",
      "createdAt": "2022-08-10T08:56:00.913Z",
      "liquidation": false
    },
    {
      "side": "SELL",
      "size": "296",
      "price": "8.445",
      "createdAt": "2022-08-10T08:56:00.913Z",
      "liquidation": false
    },
    {
      "side": "SELL",
      "size": "545.3",
      "price": "8.447",
      "createdAt": "2022-08-10T08:56:00.913Z",
      "liquidation": false
    },
    {
      "side": "SELL",
      "size": "29.4",
      "price": "8.45",
      "createdAt": "2022-08-10T08:56:00.913Z",
      "liquidation": false
    },
    {
      "side": "SELL",
      "size": "306.9",
      "price": "8.45",
      "createdAt": "2022-08-10T08:56:00.913Z",
      "liquidation": false
    },
    {
      "side": "SELL",
      "size": "125",
      "price": "8.45",
      "createdAt": "2022-08-10T08:56:00.913Z",
      "liquidation": false
    },
    {
      "side": "SELL",
      "size": "378.7",
      "price": "8.452",
      "createdAt": "2022-08-10T08:56:00.913Z",
      "liquidation": false
    },
    {
      "side": "SELL",
      "size": "295.7",
      "price": "8.452",
      "createdAt": "2022-08-10T08:56:00.913Z",
      "liquidation": false
    },
    {
      "side": "SELL",
      "size": "125",
      "price": "8.453",
      "createdAt": "2022-08-10T08:56:00.913Z",
      "liquidation": false
    },
    {
      "side": "BUY",
      "size": "481",
      "price": "8.45",
      "createdAt": "2022-08-10T08:55:33.723Z",
      "liquidation": false
    },
    {
      "side": "BUY",
      "size": "600",
      "price": "8.45",
      "createdAt": "2022-08-10T08:55:33.719Z",
      "liquidation": false
    },
    {
      "side": "BUY",
      "size": "200",
      "price": "8.45",
      "createdAt": "2022-08-10T08:55:33.719Z",
      "liquidation": false
    },
    {
      "side": "BUY",
      "size": "200",
      "price": "8.45",
      "createdAt": "2022-08-10T08:55:33.719Z",
      "liquidation": false
    },
    {
      "side": "BUY",
      "size": "800",
      "price": "8.45",
      "createdAt": "2022-08-10T08:55:33.714Z",
      "liquidation": false
    },
    {
      "side": "BUY",
      "size": "200",
      "price": "8.448",
      "createdAt": "2022-08-10T08:55:33.654Z",
      "liquidation": false
    },
    {
      "side": "BUY",
      "size": "370",
      "price": "8.448",
      "createdAt": "2022-08-10T08:55:33.650Z",
      "liquidation": false
    },
    {
      "side": "SELL",
      "size": "124.8",
      "price": "8.438",
      "createdAt": "2022-08-10T08:55:11.165Z",
      "liquidation": false
    },
    {
      "side": "SELL",
      "size": "307.9",
      "price": "8.44",
      "createdAt": "2022-08-10T08:55:11.165Z",
      "liquidation": false
    },
    {
      "side": "SELL",
      "size": "296.1",
      "price": "8.442",
      "createdAt": "2022-08-10T08:55:11.165Z",
      "liquidation": false
    },
    {
      "side": "SELL",
      "size": "545.3",
      "price": "8.443",
      "createdAt": "2022-08-10T08:55:11.165Z",
      "liquidation": false
    },
    {
      "side": "SELL",
      "size": "2322",
      "price": "8.444",
      "createdAt": "2022-08-10T08:55:11.165Z",
      "liquidation": false
    },
    {
      "side": "SELL",
      "size": "250.6",
      "price": "8.445",
      "createdAt": "2022-08-10T08:55:11.165Z",
      "liquidation": false
    },
    {
      "side": "SELL",
      "size": "29.4",
      "price": "8.445",
      "createdAt": "2022-08-10T08:55:11.165Z",
      "liquidation": false
    },
    {
      "side": "SELL",
      "size": "397.9",
      "price": "8.446",
      "createdAt": "2022-08-10T08:55:11.165Z",
      "liquidation": false
    },
    {
      "side": "SELL",
      "size": "295.7",
      "price": "8.446",
      "createdAt": "2022-08-10T08:55:11.165Z",
      "liquidation": false
    },
    {
      "side": "SELL",
      "size": "569",
      "price": "8.447",
      "createdAt": "2022-08-10T08:55:11.165Z",
      "liquidation": false
    },
    {
      "side": "SELL",
      "size": "125",
      "price": "8.448",
      "createdAt": "2022-08-10T08:55:11.165Z",
      "liquidation": false
    },
    {
      "side": "SELL",
      "size": "395.1",
      "price": "8.448",
      "createdAt": "2022-08-10T08:55:11.165Z",
      "liquidation": false
    },
    {
      "side": "SELL",
      "size": "125",
      "price": "8.449",
      "createdAt": "2022-08-10T08:55:11.165Z",
      "liquidation": false
    },
    {
      "side": "BUY",
      "size": "236.6",
      "price": "8.451",
      "createdAt": "2022-08-10T08:54:18.556Z",
      "liquidation": false
    },
    {
      "side": "SELL",
      "size": "80.3",
      "price": "8.446",
      "createdAt": "2022-08-10T08:54:16.055Z",
      "liquidation": false
    },
    {
      "side": "SELL",
      "size": "201.9",
      "price": "8.454",
      "createdAt": "2022-08-10T08:53:43.590Z",
      "liquidation": false
    },
    {
      "side": "BUY",
      "size": "571",
      "price": "8.434",
      "createdAt": "2022-08-10T08:52:15.478Z",
      "liquidation": false
    },
    {
      "side": "BUY",
      "size": "289.5",
      "price": "8.434",
      "createdAt": "2022-08-10T08:50:37.623Z",
      "liquidation": false
    },
    {
      "side": "BUY",
      "size": "392.3",
      "price": "8.432",
      "createdAt": "2022-08-10T08:50:37.623Z",
      "liquidation": false
    },
    {
      "side": "SELL",
      "size": "75.1",
      "price": "8.419",
      "createdAt": "2022-08-10T08:48:06.788Z",
      "liquidation": false
    },
    {
      "side": "BUY",
      "size": "19.6",
      "price": "8.423",
      "createdAt": "2022-08-10T08:46:42.125Z",
      "liquidation": false
    },
    {
      "side": "SELL",
      "size": "200",
      "price": "8.406",
      "createdAt": "2022-08-10T08:44:06.366Z",
      "liquidation": false
    },
    {
      "side": "SELL",
      "size": "200",
      "price": "8.406",
      "createdAt": "2022-08-10T08:44:06.356Z",
      "liquidation": false
    },
    {
      "side": "BUY",
      "size": "244.5",
      "price": "8.412",
      "createdAt": "2022-08-10T08:39:28.864Z",
      "liquidation": false
    },
    {
      "side": "BUY",
      "size": "29.4",
      "price": "8.411",
      "createdAt": "2022-08-10T08:39:28.864Z",
      "liquidation": false
    },
    {
      "side": "BUY",
      "size": "125",
      "price": "8.411",
      "createdAt": "2022-08-10T08:39:28.864Z",
      "liquidation": false
    },
    {
      "side": "BUY",
      "size": "182.7",
      "price": "8.414",
      "createdAt": "2022-08-10T08:39:05.069Z",
      "liquidation": false
    },
    {
      "side": "BUY",
      "size": "585",
      "price": "8.412",
      "createdAt": "2022-08-10T08:39:05.069Z",
      "liquidation": false
    },
    {
      "side": "SELL",
      "size": "111",
      "price": "8.405",
      "createdAt": "2022-08-10T08:35:45.644Z",
      "liquidation": false
    },
    {
      "side": "SELL",
      "size": "391.9",
      "price": "8.414",
      "createdAt": "2022-08-10T08:35:21.874Z",
      "liquidation": false
    },
    {
      "side": "SELL",
      "size": "391.9",
      "price": "8.416",
      "createdAt": "2022-08-10T08:35:21.769Z",
      "liquidation": false
    },
    {
      "side": "BUY",
      "size": "2540.1",
      "price": "8.422",
      "createdAt": "2022-08-10T08:34:30.704Z",
      "liquidation": false
    },
    {
      "side": "BUY",
      "size": "262.2",
      "price": "8.422",
      "createdAt": "2022-08-10T08:34:30.704Z",
      "liquidation": false
    },
    {
      "side": "BUY",
      "size": "297.3",
      "price": "8.422",
      "createdAt": "2022-08-10T08:34:30.704Z",
      "liquidation": false
    },
    {
      "side": "BUY",
      "size": "403.4",
      "price": "8.422",
      "createdAt": "2022-08-10T08:34:30.704Z",
      "liquidation": false
    },
    {
      "side": "BUY",
      "size": "580",
      "price": "8.42",
      "createdAt": "2022-08-10T08:34:30.704Z",
      "liquidation": false
    },
    {
      "side": "BUY",
      "size": "379.8",
      "price": "8.42",
      "createdAt": "2022-08-10T08:34:30.704Z",
      "liquidation": false
    },
    {
      "side": "BUY",
      "size": "29.4",
      "price": "8.419",
      "createdAt": "2022-08-10T08:34:30.704Z",
      "liquidation": false
    },
    {
      "side": "BUY",
      "size": "125",
      "price": "8.419",
      "createdAt": "2022-08-10T08:34:30.704Z",
      "liquidation": false
    },
    {
      "side": "BUY",
      "size": "171.5",
      "price": "8.39",
      "createdAt": "2022-08-10T08:21:14.339Z",
      "liquidation": false
    },
    {
      "side": "BUY",
      "size": "200",
      "price": "8.39",
      "createdAt": "2022-08-10T08:21:14.332Z",
      "liquidation": false
    },
    {
      "side": "BUY",
      "size": "86.2",
      "price": "8.368",
      "createdAt": "2022-08-10T08:11:17.359Z",
      "liquidation": false
    },
    {
      "side": "SELL",
      "size": "200",
      "price": "8.38",
      "createdAt": "2022-08-10T08:08:52.693Z",
      "liquidation": false
    },
    {
      "side": "SELL",
      "size": "382",
      "price": "8.38",
      "createdAt": "2022-08-10T08:08:52.688Z",
      "liquidation": false
    },
    {
      "side": "SELL",
      "size": "11.9",
      "price": "8.392",
      "createdAt": "2022-08-10T08:07:45.137Z",
      "liquidation": false
    },
    {
      "side": "SELL",
      "size": "170.8",
      "price": "8.392",
      "createdAt": "2022-08-10T07:55:53.760Z",
      "liquidation": false
    }
  ]
}
